% Encoding: UTF-8

  @electronic{Forbes_IoT,
   author   = {Louis Columbus},
   title     = {Internet Of Things Market To Reach \$267B By 2020},
   year      = {2017},
  howpublished = "[Online]",
  note =  {Disponível em: \url{https://www.forbes.com/sites/louiscolumbus/2017/01/29/internet-of-things-market-to-reach-267b-by-2020}},
}
  }

  @ebook{IHSMarkitTrend,
  title     = {IoT Trend Watch 2017},
  year      = {2017},
  howpublished = "[Online]",
  note =  {Disponível em: \url{ https://www.ihs.com/Info/0117/IoT-trend-watch-2017.html}},
}

  @ebook{13Steps,
  title     = {Future-proofing the Connected World: 13 Steps to Developing Secure IoT Products},
  year      = {2016},
  howpublished = "[Online]",
  note =  {Disponível em: \url{ http://internetofthingsagenda.techtarget.com/definition/IoT-security-Internet-of-Things-security}}
  }
  

  @ebook{IS_IoT,
  title     = {THE INTERNET OF THINGS: AN OVERVIEW},
  year      = {2015},
  Author    = {Karen Rose and Scott Eldridge and Lyman Chapin},
  howpublished = "[Online]",
  note =  {Disponível em: \url{ https://www.internetsociety.org/sites/default/files/ISOC-IoT-Overview-20151221-en.pdf}}
  }
  
  
  @eletronic{IEEEstd,
  title = {P2413 - Standard for an Architectural Framework for the Internet of Things (IoT)},
  howpublished = "[Online]",
  note = {Disponível em: \url{https://standards.ieee.org/develop/project/2413.html}}
  }

  
  @eletronic{Intel_IoT,
  title = {Architecture Specification White Paper Internet of Things (IoT)},
  Author = {{Intel}},
  howpublished = "[Online]",
  note = {Disponível em: \url{http://www.intel.com/content/dam/www/public/us/en/documents/white-papers/iot-platform-reference-architecture-paper.pdf}}
  }

  @eletronic{Symantec_IoT,
  title = {An Internet of Things Reference Architecture},
  Author = {{Symantec}},
  howpublished = "[Online]",
  note = {Disponível em: \url{https://www.symantec.com/content/dam/symantec/docs/white-papers/iot-security-reference-architecture-wp-en.pdf}}
  }

  @eletronic{Microsoft_IoT,
  title = {Microsoft Azure IoT Reference Architecture},
  Author = {{Microsoft}},
  howpublished = "[Online]",
  note = {Disponível em: \url{https://azure.microsoft.com/pt-br/updates/microsoft-azure-iot-reference-architecture-available}}
  }
  
    @eletronic{Oracle_IoT,
  title = {Oracle’s Internet of Things Platform Solutions for a Connected World},
  Author = {{Oracle}},
  howpublished = "[Online]",
  note = {Disponível em: \url{  http://www.oracle.com/us/solutions/machine-to-machine/m2m-brochure-1951397.pdf}}
  }
  


  @eletronic{IoT_Coursera,
  title 	= {Internet of Things \& Augmented Reality Emerging Technologies},
  Author 	= {Jong-Moon Chung},
  howpublished = "[Online]",
  note 		= {Aula 2 - IoT Architecture. Disponível em: \url{https://www.coursera.org/learn/iot-augmented-reality-technologies/lecture/8ZlnC/iot-architecture}}
  }
  
  @eletronic{Mirai_Wired,
  title 	= {The Botnet That Broke the Internet Isn’t Going Away},
  Author 	= {Lily Hay Newman},
  howpublished = "[Online]",
  note 		= {Disponível em: \url{https://www.wired.com/2016/12/botnet-broke-internet-isnt-going-away/}}
  }
  
   @eletronic{Mirai_Guardian,
  title 	= {DDoS attack that disrupted internet was largest of its kind in history, experts say},
  Author 	= {Nicky Woolf},
  howpublished = "[Online]",
  note 		= {Disponível em: \url{https://www.theguardian.com/technology/2016/oct/26/ddos-attack-dyn-mirai-botnet}}
  }
  
 @eletronic{Baby_Monitor,
  title = {HACKING IoT: A Case Study on Baby Monitor Exposures and Vulnerabilities},
  Author = {Mark Stanislav and Tod Beardsley},
  howpublished = "[Online]",
  note = {Disponível em: \url{https://www.rapid7.com/docs/Hacking-IoT-A-Case-Study-on-Baby-Monitor-Exposures-and-Vulnerabilities.pdf}}
  }

@inproceedings{Cavalcante:2015:ARA:2755567.2755569,
 author = {Cavalcante, Everton and Alves, Marcelo Pitanga and Batista, Thais and Delicato, Flavia Coimbra and Pires, Paulo F.},
 title = {An Analysis of Reference Architectures for the Internet of Things},
 booktitle = {Proceedings of the 1st International Workshop on Exploring Component-based Techniques for Constructing Reference Architectures},
 series = {CobRA '15},
 year = {2015},
 isbn = {978-1-4503-3445-7},
 location = {Montr\&\#233;al, QC, Canada},
 pages = {13--16},
 numpages = {4},
 url = {http://doi.acm.org/10.1145/2755567.2755569},
 doi = {10.1145/2755567.2755569},
 acmid = {2755569},
 publisher = {ACM},
 address = {New York, NY, USA},
 keywords = {internet of things, iot, reference architecture},
} 

@INPROCEEDINGS{4622758, 
author={I. Grønbæk}, 
booktitle={2008 Second International Conference on Sensor Technologies and Applications (sensorcomm 2008)}, 
title={Architecture for the Internet of Things (IoT): API and Interconnect}, 
year={2008}, 
pages={802-807}, 
keywords={IP networks;Internet;mobile computing;quality of service;ubiquitous computing;Internet of things;QoS controlled IP;mobile networks;secure API;service logic;services innovation;ubiquitous service provisioning;Ground penetrating radar;IP networks;Multicast protocols;Peer to peer computing;Routing protocols;Semantic Web;Service oriented architecture;Spine;Web and internet services;Web services}, 
doi={10.1109/SENSORCOMM.2008.20}, 
month={Aug},}

@INPROCEEDINGS{7872918, 
author={J. Guth and U. Breitenbücher and M. Falkenthal and F. Leymann and L. Reinfurt}, 
booktitle={2016 Cloudification of the Internet of Things (CIoT)}, 
title={Comparison of IoT platform architectures: A field study based on a reference architecture}, 
year={2016}, 
pages={1-6}, 
keywords={Internet of Things;Web services;Amazon Web service IoT;FIWARE;IoT platform architecture;IoT reference architecture;OpenMTC;SiteWhere;actuator;digital world}, 
doi={10.1109/CIOT.2016.7872918}, 
month={Nov},}

@inproceedings{Kozlov:2012:SPT:2442691.2442750,
 author = {Kozlov, Denis and Veijalainen, Jari and Ali, Yasir},
 title = {Security and Privacy Threats in IoT Architectures},
 booktitle = {Proceedings of the 7th International Conference on Body Area Networks},
 series = {BodyNets '12},
 year = {2012},
 isbn = {978-1-936968-60-2},
 location = {Oslo, Norway},
 pages = {256--262},
 numpages = {7},
 url = {http://dl.acm.org/citation.cfm?id=2442691.2442750},
 acmid = {2442750},
 publisher = {ICST (Institute for Computer Sciences, Social-Informatics and Telecommunications Engineering)},
 address = {ICST, Brussels, Belgium, Belgium},
 keywords = {IoT architecture, energy consumption, future internet, privacy, security, trust},
} 

@misc{ITU_IoT,
author = {{International Telecommunication Union}},
title = {Overview of the Internet of things},
year = {2012},
month = {Junho},
note = {Disponível em: \url{http://www.itu.int/itu-t/recommendations/rec.aspx?rec=Y.2060}}
}

@misc{WSO2_IoT,
author = {Paul Fremantle},
title = {A REFERENCE ARCHITECTURE FOR THE INTERNET OF THINGS},
year = {2015},
month = {Outubro},
howpublished = "[Online]",
note = {Disponível em: \url{http://wso2.com/wso2_resources/wso2_whitepaper_a-reference-architecture-for-the-internet-of-things.pdf}}
}


@INPROCEEDINGS{7890183, 
author={M. Sain and Y. J. Kang and H. J. Lee}, 
booktitle={2017 19th International Conference on Advanced Communication Technology (ICACT)}, 
title={Survey on security in Internet of Things: State of the art and challenges}, 
year={2017}, 
pages={699-704}, 
keywords={Internet of Things;Privacy;Security;Trust;Wireless sensor Networks}, 
doi={10.23919/ICACT.2017.7890183}, 
month={Feb},}

@INBOOK{IoTa_ref, 
author={Alessandro Bassi and Martin Bauer and Martin Fiedler and Thorsten Kramp and Rob van Kranenburg and Sebastian Lange and Stefan Meissner}, 
booktitle={Enabling Things to Talk}, 
title={Designing IoT solutions with the IoT Architectural Reference Model}, 
year={2013}, 
pages={349}, 
doi={10.1007/978-3-642-40403-0}, 
publisher={Springer-Verlag Berlin Heidelberg}, 
isbn={978-3-642-40403-0}, 
note={Disponível em: \url{http://www.springer.com/us/book/9783642404023}},}

@Comment{jabref-meta: databaseType:bibtex;}
